<record><leader>00000cas a22000007a 4500</leader><controlfield tag="001">28309650</controlfield><controlfield tag="008">930622c199u9999njuwr ne      0   a0eng c</controlfield><datafield ind1=" " ind2=" " tag="010"><subfield code="a">sn 93004980 </subfield></datafield><datafield ind1=" " ind2=" " tag="040"><subfield code="a">NSD</subfield><subfield code="b">eng</subfield><subfield code="c">NSD</subfield><subfield code="d">OCLCQ</subfield></datafield><datafield ind1=" " ind2=" " tag="012"><subfield code="m">1</subfield></datafield><datafield ind1="1" ind2=" " tag="022"><subfield code="a">1070-2563</subfield><subfield code="l">1070-2563</subfield><subfield code="2">1</subfield></datafield><datafield ind1=" " ind2=" " tag="032"><subfield code="a">905340</subfield><subfield code="b">USPS</subfield></datafield><datafield ind1=" " ind2=" " tag="037"><subfield code="b">Forbes Newspapers, 211 Lakeview Ave., Piscataway, NJ 08854</subfield></datafield><datafield ind1=" " ind2=" " tag="042"><subfield code="a">nsdp</subfield><subfield code="a">pcc</subfield></datafield><datafield ind1=" " ind2="0" tag="222"><subfield code="a">Piscataway review</subfield></datafield><datafield ind1="0" ind2="0" tag="245"><subfield code="a">Piscataway review.</subfield></datafield><datafield ind1=" " ind2=" " tag="260"><subfield code="a">Piscataway, NJ :</subfield><subfield code="b">Forbes Newspapers</subfield></datafield><datafield ind1=" " ind2=" " tag="300"><subfield code="a">v.</subfield></datafield><datafield ind1=" " ind2=" " tag="310"><subfield code="a">Weekly</subfield></datafield><datafield ind1=" " ind2=" " tag="588"><subfield code="a">Description based on: Vol. 22, no. 19 (May 7, 1993).</subfield></datafield><datafield ind1=" " ind2=" " tag="752"><subfield code="a">United States</subfield><subfield code="b">New Jersey</subfield><subfield code="c">Middlesex</subfield><subfield code="d">Piscataway.</subfield></datafield><datafield ind1="0" ind2="0" tag="780"><subfield code="t">Piscataway Dunellen review</subfield><subfield code="x">1050-4575</subfield><subfield code="w">(DLC)sn 90004629</subfield><subfield code="w">(OCoLC)21492768</subfield></datafield></record>